<?xml version="1.0" encoding="UTF-8"?><record xmlns="http://www.loc.gov/MARC21/slim" xmlns:cinclude="http://apache.org/cocoon/include/1.0" xmlns:zs="http://www.loc.gov/zing/srw/">
  <leader>00736cz  a2200181n  4500</leader>
  <controlfield tag="001">no2010208220</controlfield>
  <controlfield tag="003">DLC</controlfield>
  <controlfield tag="005">20130327091614.0</controlfield>
  <controlfield tag="008">101228n| azannaabn          |a aaa     c</controlfield>
  <datafield tag="010" ind1=" " ind2=" ">
    <subfield code="a">no2010208220</subfield>
  </datafield>
  <datafield tag="035" ind1=" " ind2=" ">
    <subfield code="a">(OCoLC)oca08725791</subfield>
  </datafield>
  <datafield tag="040" ind1=" " ind2=" ">
    <subfield code="a">MoSW-Mu</subfield>
    <subfield code="b">eng</subfield>
    <subfield code="e">rda</subfield>
    <subfield code="c">MoSW-Mu</subfield>
    <subfield code="d">DLC</subfield>
  </datafield>
  <datafield tag="100" ind1="1" ind2=" ">
    <subfield code="a">Lupo, Thomas,</subfield>
    <subfield code="d">-1628.</subfield>
    <subfield code="t">Fantasias,</subfield>
    <subfield code="m">viols (6),</subfield>
    <subfield code="n">M. 5</subfield>
  </datafield>
  <datafield tag="382" ind1=" " ind2=" ">
    <subfield code="a">viols (6)</subfield>
  </datafield>
  <datafield tag="383" ind1=" " ind2=" ">
    <subfield code="c">M. 5</subfield>
  </datafield>
  <datafield tag="400" ind1="1" ind2=" ">
    <subfield code="w">nnea</subfield>
    <subfield code="a">Lupo, Thomas,</subfield>
    <subfield code="d">d. 1628.</subfield>
    <subfield code="t">Fantasias,</subfield>
    <subfield code="m">viols (6),</subfield>
    <subfield code="n">M. 5</subfield>
  </datafield>
  <datafield tag="670" ind1=" " ind2=" ">
    <subfield code="a">New York Pro Musica. Instrumental music from the courts of Queen Elizabeth and King James [SR] 1962:</subfield>
    <subfield code="b">label (Fantasia aĚ 6 / Thomas Lupo)</subfield>
  </datafield>
  <datafield tag="670" ind1=" " ind2=" ">
    <subfield code="a">Meyer, E.H. Die mehrstimmige Spielmusik des 17. Jahrhunderts in Nord- und Mitteleuropa</subfield>
    <subfield code="b">(Fantasias a 6. [Nr.] 5)</subfield>
  </datafield>
</record>